<?xml version="1.0" encoding="UTF-8"?><record xmlns="http://www.loc.gov/MARC21/slim" xmlns:cinclude="http://apache.org/cocoon/include/1.0" xmlns:zs="http://www.loc.gov/zing/srw/">
  <leader>00675nz  a2200217n  4500</leader>
  <controlfield tag="001">no2005039703</controlfield>
  <controlfield tag="003">DLC</controlfield>
  <controlfield tag="005">20050427052132.0</controlfield>
  <controlfield tag="008">050426n| acaabaaan          |a ana     c</controlfield>
  <datafield tag="010" ind1=" " ind2=" ">
    <subfield code="a">no2005039703</subfield>
  </datafield>
  <datafield tag="035" ind1=" " ind2=" ">
    <subfield code="a">(OCoLC)oca06618986</subfield>
  </datafield>
  <datafield tag="040" ind1=" " ind2=" ">
    <subfield code="a">TNJ</subfield>
    <subfield code="b">eng</subfield>
    <subfield code="c">TNJ</subfield>
  </datafield>
  <datafield tag="130" ind1=" " ind2="0">
    <subfield code="a">Bigotteca.</subfield>
    <subfield code="p">Serie Orígenes</subfield>
  </datafield>
  <datafield tag="410" ind1="2" ind2=" ">
    <subfield code="a">Fundación Bigott.</subfield>
    <subfield code="t">Bigotteca.</subfield>
    <subfield code="p">Serie Orígenes</subfield>
  </datafield>
  <datafield tag="430" ind1=" " ind2="0">
    <subfield code="a">Serie Orígenes (Caracas, Venezuela : 2004)</subfield>
  </datafield>
  <datafield tag="430" ind1=" " ind2="0">
    <subfield code="a">Orígenes (Caracas, Venezuela)</subfield>
  </datafield>
  <datafield tag="643" ind1=" " ind2=" ">
    <subfield code="a">Caracas, Venezuela</subfield>
    <subfield code="b">Fundación Bigott</subfield>
  </datafield>
  <datafield tag="644" ind1=" " ind2=" ">
    <subfield code="a">f</subfield>
    <subfield code="5">TNJ</subfield>
  </datafield>
  <datafield tag="645" ind1=" " ind2=" ">
    <subfield code="a">t</subfield>
    <subfield code="5">DPCC</subfield>
    <subfield code="5">TNJ</subfield>
  </datafield>
  <datafield tag="646" ind1=" " ind2=" ">
    <subfield code="a">s</subfield>
    <subfield code="5">TNJ</subfield>
  </datafield>
  <datafield tag="670" ind1=" " ind2=" ">
    <subfield code="a">El diablo en Venezuela, 2004:</subfield>
    <subfield code="b">t.p. (Bigotteca. Serie Orígenes)</subfield>
  </datafield>
</record>